@article{张建峰2017一种基于相关的,
  title={一种基于相关的 ADS-B 前导脉冲检测方法},
  author={张建峰, 王进},
  journal={通信对抗},
  number={1},
  pages={20-23},
  year={2017},
}

@article{2013一种改进的,
  title={一种改进的 ADS-B 信号前导脉冲检测算法},
  journal={电子科技},
  volume={26},
  number={6},
  pages={134},
  year={2013},
}